<?xml version="1.0" encoding="UTF-8"?><collection xmlns="http://www.loc.gov/MARC21/slim"><record><leader>00400nam--2200133-i-4500</leader><controlfield tag="001">000040801</controlfield><controlfield tag="002">20161230</controlfield><controlfield tag="005">20161230201042</controlfield><controlfield tag="008">060222s1000------------r-----000-0-eng-d</controlfield><datafield ind1=" " ind2=" " tag="080"><subfield code="a">543.51(043)</subfield></datafield><datafield ind1=" " ind2=" " tag="100"><subfield code="a">Schwaller,Heiinrich</subfield></datafield><datafield ind1=" " ind2=" " tag="245"><subfield code="a">Isotopenanalyse von krypton und  xenon in apollo 11 und 12 gesteinen inaugural. dissertation</subfield></datafield><datafield ind1=" " ind2=" " tag="260"><subfield code="a">Bern, Fakultat Der Univ.Bern, 1971. 7 P</subfield></datafield><datafield ind1=" " ind2=" " tag="852"><subfield code="a">42479</subfield></datafield></record></collection>